@article{shen2007image,
    title={Image registration by local histogram matching},
    author={Shen, Dinggang},
    journal={Pattern Recognition},
    volume={40},
    number={4},
    pages={1161--1172},
    year={2007},
    publisher={Elsevier}
}

@inproceedings{krizhevsky2012imagenet,
    title={Imagenet classification with deep convolutional neural networks},
    author={Krizhevsky, Alex and Sutskever, Ilya and Hinton, Geoffrey E},
    booktitle={Advances in neural information processing systems},
    pages={1097--1105},
    year={2012}
}

@article{sotiras2013deformable,
    title={Deformable medical image registration: A survey},
    author={Sotiras, Aristeidis and Davatzikos, Christos and Paragios,
        Nikos},
    journal={Medical Imaging, IEEE Transactions on},
    volume={32},
    number={7},
    pages={1153--1190},
    year={2013},
    publisher={IEEE}
}

@article{vincent2010stacked,
    title={Stacked denoising autoencoders: Learning useful representations in a deep network with a local denoising criterion},
    author={Vincent, Pascal and Larochelle, Hugo and Lajoie, Isabelle and Bengio, Yoshua and Manzagol, Pierre-Antoine},
    journal={The Journal of Machine Learning Research},
    volume={11},
    pages={3371--3408},
    year={2010},
    publisher={JMLR. org}
}

@incollection{masci2011stacked,
    title={Stacked convolutional auto-encoders for hierarchical feature
        extraction},
    author={Masci, Jonathan and Meier, Ueli and Cire{\c{s}}an, Dan and
        Schmidhuber, J{\"u}rgen},
    booktitle={Artificial Neural Networks and Machine Learning--ICANN
        2011},
    pages={52--59},
    year={2011},
    publisher={Springer}
}

@inproceedings{dosovitskiy2014discriminative,
    title={Discriminative unsupervised feature learning with convolutional
        neural networks},
    author={Dosovitskiy, Alexey and Springenberg, Jost Tobias and
        Riedmiller, Martin and Brox, Thomas},
    booktitle={Advances in Neural Information Processing Systems},
    pages={766--774},
    year={2014}
}

@article{carrillo2000semiautomatic,
    title={Semiautomatic 3-D image registration as applied to interventional
        MRI liver cancer treatment},
    author={Carrillo, Andreas and Duerk, Jeffrey L and Lewin, Jonathan S and
        Wilson, David L},
    journal={Medical Imaging, IEEE Transactions on},
    volume={19},
    number={3},
    pages={175--185},
    year={2000},
    publisher={IEEE}
}

@incollection{wu2013unsupervised,
    title={Unsupervised deep feature learning for deformable registration of
        MR brain images},
    author={Wu, Guorong and Kim, Minjeong and Wang, Qian and Gao, Yaozong
        and Liao, Shu and Shen, Dinggang},
    booktitle={Medical Image Computing and Computer-Assisted
        Intervention--MICCAI 2013},
    pages={649--656},
    year={2013},
    publisher={Springer}
}

@article{shen2002hammer,
    title={HAMMER: hierarchical attribute matching mechanism for elastic
        registration},
    author={Shen, Dinggang and Davatzikos, Christos},
    journal={Medical Imaging, IEEE Transactions on},
    volume={21},
    number={11},
    pages={1421--1439},
    year={2002},
    publisher={IEEE}
}

@inproceedings{le2011learning,
    title={Learning hierarchical invariant spatio-temporal features for action
        recognition with independent subspace analysis},
    author={Le, Quoc V and Zou, Will Y and Yeung, Serena Y and Ng, Andrew
        Y},
    booktitle={Computer Vision and Pattern Recognition (CVPR), 2011 IEEE
        Conference on},
    pages={3361--3368},
    year={2011},
    organization={IEEE}
}

@book{medimging2,
    author = {金征宇},
    title = {医学影像学},
    publisher = {人民卫生出版社},
    year = {2010},
    edition = {第2版}
}

@article{he2015delving,
    title={Delving deep into rectifiers: Surpassing human-level performance on
        imagenet classification},
    author={He, Kaiming and Zhang, Xiangyu and Ren, Shaoqing and Sun, Jian},
    journal={arXiv preprint arXiv:1502.01852},
    year={2015}
}

@article{schroff2015facenet,
    title={Facenet: A unified embedding for face recognition and clustering},
    author={Schroff, Florian and Kalenichenko, Dmitry and Philbin, James},
    journal={arXiv preprint arXiv:1503.03832},
    year={2015}
}

@book{hyvarinen2009natural,
    title={Natural Image Statistics: A Probabilistic Approach to Early
        Computational Vision.},
    author={Hyv{\"a}rinen, Aapo and Hurri, Jarmo and Hoyer, Patrick O},
    volume={39},
    year={2009},
    publisher={Springer Science \& Business Media}
}

@INPROCEEDINGS{bergstra+al:2010-scipy,
    author = {Bergstra, James and Breuleux, Olivier and Bastien, Fr{\'{e}}d{\'{e}}ric and Lamblin, Pascal and Pascanu, Razvan and Desjardins, Guillaume and Turian, Joseph and Warde-Farley, David and Bengio, Yoshua},
    month = jun,
    title = {Theano: a {CPU} and {GPU} Math Expression Compiler},
    booktitle = {Proceedings of the Python for Scientific Computing Conference ({SciPy})},
    year = {2010},
    location = {Austin, TX},
    note = {Oral Presentation}
}

@article{hyvarinen2000emergence,
    title={Emergence of phase-and shift-invariant features by decomposition of natural images into independent feature subspaces},
    author={Hyv{\"a}rinen, Aapo and Hoyer, Patrik},
    journal={Neural computation},
    volume={12},
    number={7},
    pages={1705--1720},
    year={2000},
    publisher={MIT Press}
}

@article{hornik1989multilayer,
    title={Multilayer feedforward networks are universal approximators},
    author={Hornik, Kurt and Stinchcombe, Maxwell and White, Halbert},
    journal={Neural networks},
    volume={2},
    number={5},
    pages={359--366},
    year={1989},
    publisher={Elsevier}
}

@book{kuipers1999quaternions,
    title={Quaternions and rotation sequences},
    author={Kuipers, Jack B},
    volume={66},
    year={1999},
    publisher={Princeton university press Princeton}
}

@inproceedings{lowe1999object,
    title={Object recognition from local scale-invariant features},
    author={Lowe, David G},
    booktitle={Computer vision, 1999. The proceedings of the seventh IEEE international conference on},
    volume={2},
    pages={1150--1157},
    year={1999},
    organization={Ieee}
}

@article{heimann2009comparison,
    title={Comparison and evaluation of methods for liver segmentation from CT datasets},
    author={Heimann, Tobias and Van Ginneken, Bram and Styner, Martin A and Arzhaeva, Yulia and Aurich, Volker and Bauer, Christian and Beck, Andreas and Becker, Christoph and Beichel, Reinhard and Bekes, Gy{\"o}rgy and others},
    journal={Medical Imaging, IEEE Transactions on},
    volume={28},
    number={8},
    pages={1251--1265},
    year={2009},
    publisher={IEEE}
}

@inproceedings{sutskever2013importance,
    title={On the importance of initialization and momentum in deep learning},
    author={Sutskever, Ilya and Martens, James and Dahl, George and Hinton, Geoffrey},
    booktitle={Proceedings of the 30th international conference on machine learning (ICML-13)},
    pages={1139--1147},
    year={2013}
}

@article{kingma2014adam,
    title={Adam: A method for stochastic optimization},
    author={Kingma, Diederik and Ba, Jimmy},
    journal={arXiv preprint arXiv:1412.6980},
    year={2014}
}

@inproceedings{ojala1994performance,
    title={Performance evaluation of texture measures with classification based on Kullback discrimination of distributions},
    author={Ojala, Timo and Pietikainen, Matti and Harwood, David},
    booktitle={Pattern Recognition, 1994. Vol. 1-Conference A: Computer Vision \& Image Processing., Proceedings of the 12th IAPR International Conference on},
    number={1},
    pages={582--585},
    year={1994}
}

@inproceedings{dalal2005histograms,
    title={Histograms of oriented gradients for human detection},
    author={Dalal, Navneet and Triggs, Bill},
    booktitle={Computer Vision and Pattern Recognition, 2005. CVPR 2005. IEEE Computer Society Conference on},
    volume={1},
    pages={886--893},
    year={2005},
    organization={IEEE}
}

@incollection{bay2006surf,
    title={SURF: Speeded up robust features},
    author={Bay, Herbert and Tuytelaars, Tinne and Van Gool, Luc},
    booktitle={Computer vision--ECCV 2006},
    pages={404--417},
    year={2006},
    publisher={Springer}
}

@article{bengio2013representation,
    title={Representation learning: A review and new perspectives},
    author={Bengio, Yoshua and Courville, Aaron and Vincent, Pierre},
    journal={Pattern Analysis and Machine Intelligence, IEEE Transactions
        on},
    volume={35},
    number={8},
    pages={1798--1828},
    year={2013},
    publisher={IEEE}
}

@inproceedings{scovanner20073,
    title={A 3-dimensional sift descriptor and its application to action
        recognition},
    author={Scovanner, Paul and Ali, Saad and Shah, Mubarak},
    booktitle={Proceedings of the 15th international conference on
        Multimedia},
    pages={357--360},
    year={2007},
    organization={ACM}
}

@article{peyrat2010registration,
    title={Registration of 4D cardiac CT sequences under trajectory constraints with multichannel diffeomorphic demons},
    author={Peyrat, Jean-Marc and Delingette, Herv{\'e} and Sermesant, Maxime and Xu, Chenyang and Ayache, Nicholas},
    journal={Medical Imaging, IEEE Transactions on},
    volume={29},
    number={7},
    pages={1351--1368},
    year={2010},
    publisher={IEEE}
}

@inproceedings{ling2008hierarchical,
    title={Hierarchical, learning-based automatic liver segmentation},
    author={Ling, Haibin and Zhou, S Kevin and Zheng, Yefeng and Georgescu,
        Bogdan and Suehling, Michael and Comaniciu, Dorin},
    booktitle={Computer Vision and Pattern Recognition, 2008. CVPR 2008.
        IEEE Conference on},
    pages={1--8},
    year={2008},
    organization={IEEE}
}

@article{bengio2009learning,
    title={Learning deep architectures for AI},
    author={Bengio, Yoshua},
    journal={Foundations and trends{\textregistered} in Machine Learning},
    volume={2},
    number={1},
    pages={1--127},
    year={2009},
    publisher={Now Publishers Inc.}
}

@article{lecun1998gradient,
    title={Gradient-based learning applied to document recognition},
    author={LeCun, Yann and Bottou, L{\'e}on and Bengio, Yoshua and Haffner,
        Patrick},
    journal={Proceedings of the IEEE},
    volume={86},
    number={11},
    pages={2278--2324},
    year={1998},
    publisher={IEEE}
}

@article{hinton2015distilling,
    title={Distilling the knowledge in a neural network},
    author={Hinton, Geoffrey and Vinyals, Oriol and Dean, Jeff},
    journal={arXiv preprint arXiv:1503.02531},
    year={2015}
}
