@article{zitova2003image,
    title={Image registration methods: a survey},
    author={Zitova, Barbara and Flusser, Jan},
    journal={Image and vision computing},
    volume={21},
    number={11},
    pages={977--1000},
    year={2003},
    publisher={Elsevier}
}

@article{vercauteren2009diffeomorphic,
    title={Diffeomorphic demons: Efficient non-parametric image registration},
    author={Vercauteren, Tom and Pennec, Xavier and Perchant, Aymeric and Ayache, Nicholas},
    journal={NeuroImage},
    volume={45},
    number={1},
    pages={S61--S72},
    year={2009},
    publisher={Elsevier}
}

@article{liu2002local,
    title={Local frequency representations for robust multimodal image registration},
    author={Liu, Jundong and Vemuri, Baba C. and Marroquin, Jose L.},
    journal={Medical Imaging, IEEE Transactions on},
    volume={21},
    number={5},
    pages={462--469},
    year={2002},
    publisher={IEEE}
}

@article{ou2011dramms,
    title={DRAMMS: Deformable registration via attribute matching and mutual-saliency weighting},
    author={Ou, Yangming and Sotiras, Aristeidis and Paragios, Nikos and Davatzikos, Christos},
    journal={Medical image analysis},
    volume={15},
    number={4},
    pages={622--639},
    year={2011},
    publisher={Elsevier}
}

@article{wu2006learning,
    title={Learning-based deformable registration of MR brain images},
    author={Wu, Guorong and Qi, Feihu and Shen, Dinggang},
    journal={Medical Imaging, IEEE Transactions on},
    volume={25},
    number={9},
    pages={1145--1157},
    year={2006},
    publisher={IEEE}
}

@inproceedings{wu2007learning,
    title={Learning best features and deformation statistics for hierarchical registration of MR brain images},
    author={Wu, Guorong and Qi, Feihu and Shen, Dinggang},
    booktitle={Information Processing in Medical Imaging},
    pages={160--171},
    year={2007},
    organization={Springer}
}

@inproceedings{le2011learning,
    title={Learning hierarchical invariant spatio-temporal features for action recognition with independent subspace analysis},
    author={Le, Quoc V and Zou, Will Y and Yeung, Serena Y and Ng, Andrew Y},
    booktitle={Computer Vision and Pattern Recognition (CVPR), 2011 IEEE Conference on},
    pages={3361--3368},
    year={2011},
    organization={IEEE}
}

@article{hyvarinen2000emergence,
    title={Emergence of phase-and shift-invariant features by decomposition of natural images into independent feature subspaces},
    author={Hyv{\"a}rinen, Aapo and Hoyer, Patrik},
    journal={Neural computation},
    volume={12},
    number={7},
    pages={1705--1720},
    year={2000},
    publisher={MIT Press}
}

@article{lecun1995convolutional,
    title={Convolutional networks for images, speech, and time series},
    author={LeCun, Yann and Bengio, Yoshua},
    journal={The handbook of brain theory and neural networks},
    volume={3361},
    number={10},
    year={1995}
}

@article{peyrat2010registration,
    title={Registration of 4D cardiac CT sequences under trajectory constraints with multichannel diffeomorphic demons},
    author={Peyrat, Jean-Marc and Delingette, Herv{\'e} and Sermesant, Maxime and Xu, Chenyang and Ayache, Nicholas},
    journal={Medical Imaging, IEEE Transactions on},
    volume={29},
    number={7},
    pages={1351--1368},
    year={2010},
    publisher={IEEE}
}

@article{shen2007image,
    title={Image registration by local histogram matching},
    author={Shen, Dinggang},
    journal={Pattern Recognition},
    volume={40},
    number={4},
    pages={1161--1172},
    year={2007},
    publisher={Elsevier}
}

@incollection{peyrat2008registration,
    title={Registration of 4D time-series of cardiac images with multichannel diffeomorphic demons},
    author={Peyrat, Jean-Marc and Delingette, Herv{\'e} and Sermesant, Maxime and Pennec, Xavier and Xu, Chenyang and Ayache, Nicholas},
    booktitle={Medical Image Computing and Computer-Assisted Intervention--MICCAI 2008},
    pages={972--979},
    year={2008},
    publisher={Springer}
}

@incollection{wu2013unsupervised,
    title={Unsupervised deep feature learning for deformable registration of
        MR brain images},
    author={Wu, Guorong and Kim, Minjeong and Wang, Qian and Gao, Yaozong
        and Liao, Shu and Shen, Dinggang},
    booktitle={Medical Image Computing and Computer-Assisted
        Intervention--MICCAI 2013},
    pages={649--656},
    year={2013},
    publisher={Springer}
}
