@article{shen2007image,
    title={Image registration by local histogram matching},
    author={Shen, Dinggang},
    journal={Pattern Recognition},
    volume={40},
    number={4},
    pages={1161--1172},
    year={2007},
    publisher={Elsevier}
}

@inproceedings{krizhevsky2012imagenet,
    title={Imagenet classification with deep convolutional neural networks},
    author={Krizhevsky, Alex and Sutskever, Ilya and Hinton, Geoffrey E},
    booktitle={Advances in neural information processing systems},
    pages={1097--1105},
    year={2012}
}

@article{sotiras2013deformable,
    title={Deformable medical image registration: A survey},
    author={Sotiras, Aristeidis and Davatzikos, Christos and Paragios,
        Nikos},
    journal={Medical Imaging, IEEE Transactions on},
    volume={32},
    number={7},
    pages={1153--1190},
    year={2013},
    publisher={IEEE}
}

@article{vincent2010stacked,
    title={Stacked denoising autoencoders: Learning useful representations in a deep network with a local denoising criterion},
    author={Vincent, Pascal and Larochelle, Hugo and Lajoie, Isabelle and Bengio, Yoshua and Manzagol, Pierre-Antoine},
    journal={The Journal of Machine Learning Research},
    volume={11},
    pages={3371--3408},
    year={2010},
    publisher={JMLR. org}
}

@incollection{masci2011stacked,
    title={Stacked convolutional auto-encoders for hierarchical feature
        extraction},
    author={Masci, Jonathan and Meier, Ueli and Cire{\c{s}}an, Dan and
        Schmidhuber, J{\"u}rgen},
    booktitle={Artificial Neural Networks and Machine Learning--ICANN
        2011},
    pages={52--59},
    year={2011},
    publisher={Springer}
}

@inproceedings{dosovitskiy2014discriminative,
    title={Discriminative unsupervised feature learning with convolutional
        neural networks},
    author={Dosovitskiy, Alexey and Springenberg, Jost Tobias and
        Riedmiller, Martin and Brox, Thomas},
    booktitle={Advances in Neural Information Processing Systems},
    pages={766--774},
    year={2014}
}

@article{carrillo2000semiautomatic,
    title={Semiautomatic 3-D image registration as applied to interventional
        MRI liver cancer treatment},
    author={Carrillo, Andreas and Duerk, Jeffrey L and Lewin, Jonathan S and
        Wilson, David L},
    journal={Medical Imaging, IEEE Transactions on},
    volume={19},
    number={3},
    pages={175--185},
    year={2000},
    publisher={IEEE}
}

@incollection{wu2013unsupervised,
    title={Unsupervised deep feature learning for deformable registration of
        MR brain images},
    author={Wu, Guorong and Kim, Minjeong and Wang, Qian and Gao, Yaozong
        and Liao, Shu and Shen, Dinggang},
    booktitle={Medical Image Computing and Computer-Assisted
        Intervention--MICCAI 2013},
    pages={649--656},
    year={2013},
    publisher={Springer}
}

@article{shen2002hammer,
    title={HAMMER: hierarchical attribute matching mechanism for elastic
        registration},
    author={Shen, Dinggang and Davatzikos, Christos},
    journal={Medical Imaging, IEEE Transactions on},
    volume={21},
    number={11},
    pages={1421--1439},
    year={2002},
    publisher={IEEE}
}

@inproceedings{le2011learning,
    title={Learning hierarchical invariant spatio-temporal features for action
        recognition with independent subspace analysis},
    author={Le, Quoc V and Zou, Will Y and Yeung, Serena Y and Ng, Andrew
        Y},
    booktitle={Computer Vision and Pattern Recognition (CVPR), 2011 IEEE
        Conference on},
    pages={3361--3368},
    year={2011},
    organization={IEEE}
}
